<?xml version="1.0" encoding="UTF-8"?><collection xmlns="http://www.loc.gov/MARC21/slim"><record><leader>00321nam--2200133-i-4500</leader><controlfield tag="001">000049026</controlfield><controlfield tag="002">20161230</controlfield><controlfield tag="005">20161230201047</controlfield><controlfield tag="008">060222s1000------------r-----000-0-eng-d</controlfield><datafield ind1=" " ind2=" " tag="080"><subfield code="a">35.073.5:001.891</subfield></datafield><datafield ind1=" " ind2=" " tag="100"><subfield code="a">Akof,R., Sasieni,M</subfield></datafield><datafield ind1=" " ind2=" " tag="245"><subfield code="a">Osnovy issledovaniia operacii</subfield></datafield><datafield ind1=" " ind2=" " tag="260"><subfield code="a">Moskva, 1971. 533 S</subfield></datafield><datafield ind1=" " ind2=" " tag="852"><subfield code="a">36330</subfield></datafield></record></collection>